3181 5014
602 254 771 328 '16¹8
1028 290 1037 298 ·
1196 239 1713 322 -P..Ovrnxr
1772 237 2197 321 NAsonrs

604 375 1038 479 Coniugis»,
1101 376 1197 453 ad
1255 383 1529 455 v'ocem
1587 395 1903 478 praeceps
1959 370 2374 474 amensque
2427 373 2740 453 cucurri
2765 412 2789 452 ι

604 490 1124 571 semanimem
1163 542 1192 582 ‚
1264 492 1348 568 ὅ(
1430 485 1706 596 sparsas
1797 485 2220 569 foedantem
2293 485 2671 592 sanguine
2750 512 2873 569 ve-

835 604 973 682 stes
1003 659 1030 695 ,
1256 647 1263 658 ·
2701 612 2855 697 845

602 716 702 795 Et
763 713 891 796 sua
948 719 1117 817 (me
1173 710 1533 799 miserum
1567 719 1647 818 ἱ)
1684 720 1780 799 de
1819 723 2133 796 vulnere
2166 716 2372 792 dona
2425 717 2866 795 trahentem

600 830 979 909 Invenio:
1037 826 1470 932 corpusque
1526 854 1706 912 meo
1761 833 1953 908 mihi
2015 833 2265 908 carius
2320 832 2522 909 ulnis

601 942 960 1023 Sontibus
1017 949 1343 1022 attollo·
1322 1000 1349 1037 ‚
1408 942 1760 1046 scissaque
1816 946 1861 1024 ὸ,
1921 945 2221 1050 pectore
2279 942 2473 1023 veste

594 1057 951 1140 ‚Vulnera
1007 1055 1190 1139 saeva
1249 1060 1462 1163 ligo,
1517 1082 1923 1159 conorque
1978 1056 2317 1138 inhibere
2369 1075 2780 1137 cruorem:

599 1167 782 1252 Neu
841 1195 966 1250 me
1024 1192 1280 1251 morte
1338 1170 1464 1255 sua
1517 1171 1963 1253 sceleratum
2019 1169 2364 1262 deserat,
2421 1196 2625 1249 oro.
2697 1177 2859 1262 830

595 1283 922 1374 'Viribus
977 1287 1099 1363 illa
1152 1308 1468 1379 carens„
1524 1294 1605 1367 δε
1663 1290 1814 1379 jam
1868 1283 2377 1376 moribunda,
2429 1287 2695 1385 coegit

597 1395 780 1477 Haec
836 1397 912 1476 se
969 1422 1202 1502 pauca
1256 1403 1525 1495 loqui:
1583 1399 1721 1478 Per
1777 1395 2018 1476 nostri
2075 1391 2366 1474 foedera
2421 1391 2587 1478 leffi
2618 1445 2645 1486 ‚

595 1509 889 1611 Perque
942 1514 1146 1590 Deos
1203 1507 1498 1616 supplex
1553 1535 1708 1592 oro
1736 1566 1759 1600 ‚
1814 1506 2271 1616 superosque
2294 1564 2318 1602 ‚
2371 1508 2730 1606 meosque
2773 1536 2800 1601 3

595 1622 737 1702 Per
796 1624 850 1702 fi
908 1625 1095 1724 quid
1147 1628 1393 1706 merui
1446 1629 1541 1710 de
1598 1647 1675 1707 te
1729 1626 1979 1712 benez
2039 1635 2321 1731 perque
2374 1641 2814 1706 manentem

594 1733 830 1819 Nunc
882 1761 1197 1839 quoque
1226 1793 1252 1835 ,
1302 1763 1484 1823 cum
1537 1764 1768 1853 pereo
1803 1798 1830 1842 ‚
1880 1738 2207 1825 chuffam
2266 1738 2461 1821 milii
2516 1737 2793 1820 mortis
2825 1787 2854 1828 ,

826 1873 1233 1945 amorem5
2683 1857 2734 1943 ,8
2753 1875 2784 1947 5
2809 1871 2846 1946 ς
